% This file was created with JabRef 2.10.
% Encoding: Cp1252


@Manual{url,
  Title                    = {The \textsf{url} package},
  Author                   = {Donald Arseneau},
  Note                     = {Available at:
 \url{http://tug.ctan.org/cgi-bin/ctanPackageInformation.py?id=url}}
}

@Misc{beebebib,
  Title                    = {Nelson {H}. {F}. Beebe's Bibliographies Page},

  Author                   = {Nelson H. F. Beebe},
  Note                     = {Available at:
 \url{http://www.math.utah.edu/~beebe/bibliographies.html}}
}

@Manual{color,
  Title                    = {The \textsf{color} package},
  Author                   = {David Carlisle},
  Note                     = {Available at:
 \url{http://tug.ctan.org/cgi-bin/ctanPackageInformation.py?id=color}}
}

@Manual{graphicx,
  Title                    = {The \textsf{graphicx} package},
  Author                   = {David Carlisle},
  Note                     = {Available at:
 \url{http://tug.ctan.org/cgi-bin/ctanPackageInformation.py?id=graphicx}}
}

@Manual{keyval,
  Title                    = {The \textsf{keyval} package},
  Author                   = {David Carlisle},
  Note                     = {Available at:
 \url{http://tug.ctan.org/cgi-bin/ctanPackageInformation.py?id=keyval}}
}

@Manual{showkeys,
  Title                    = {The \textsf{showkeys} package},
  Author                   = {David Carlisle},
  Note                     = {Available at:
 \url{http://tug.ctan.org/cgi-bin/ctanPackageInformation.py?id=showkeys}}
}

@Manual{ifthen,
  Title                    = {The \textsf{ifthen} package},
  Author                   = {David Carlisle and Leslie Lamport},
  Note                     = {Available at:
 \url{http://tug.ctan.org/cgi-bin/ctanPackageInformation.py?id=ifthen}}
}

@Manual{uiucthesis,
  Title                    = {The \textsf{uiucthesis} package},
  Author                   = {Peter Czoschke},
  Note                     = {Available at:
 \url{http://tug.ctan.org/cgi-bin/ctanPackageInformation.py?id=uiucthesis}}
}

@Manual{booktabs,
  Title                    = {The \textsf{booktabs} package},
  Author                   = {Danie Els},
  Note                     = {Available at:
 \url{http://tug.ctan.org/cgi-bin/ctanPackageInformation.py?id=booktabs}}
}

@Manual{ucthesis,
  Title                    = {The \textsf{ucthesis} package},
  Author                   = {Daniel Gildea},
  Note                     = {Available at:
 \url{http://tug.ctan.org/cgi-bin/ctanPackageInformation.py?id=ucthesis}}
}

@Manual{fancyvrb,
  Title                    = {The \textsf{fancyvrb} package},
  Author                   = {Denis Girou and Sebastian Rahtz and Timothy Van
 Zandt},
  Note                     = {Available at:
 \url{http://tug.ctan.org/cgi-bin/ctanPackageInformation.py?id=fancyvrb}}
}

@Manual{unl-thesis-electronic,
  Title                    = {Electronic Dissertations},
  Author                   = {Office of Graduate Studies University of
 Nebraska--Lincoln},
  Note                     = {Available at:
 \url{http://www.unl.edu/gradstudies/current/etd-intro.shtml}}
}

@Manual{unl-thesis-guidebook,
  Title                    = {Guidebook For Preparing a Thesis or Dissertation},
  Author                   = {Office of Graduate Studies University of
 Nebraska--Lincoln},
  Note                     = {Available at:
 \url{http://www.unl.edu/gradstudies/current/downloads/Guidebook.pdf}}
}

@Article{unhappy,
  Title                    = {Horrors in {\LaTeX}: How to misuse {\LaTeX} and make
 a \emph{copy editor} unhappy},
  Author                   = {Enrico Gregorio},
  Journal                  = {TUGBoat},
  Year                     = {2005},
  Note                     = {Available at:
 \url{http://www.tug.org/TUGboat/Contents/contents26-3.html}},
  Number                   = {3},
  Pages                    = {273--279},
  Volume                   = {26}
}

@Misc{ukfaq,
  Title                    = {{\TeX} {F}requently {A}sked {Q}uestions},

  Author                   = {{UK} {\TeX} User Group},
  Note                     = {Available at:
 \url{http://www.tex.ac.uk/cgi-bin/texfaq2html}}
}

@Article{freemathfonts,
  Title                    = {A Survey of Free Math Fonts for {\TeX} and {\LaTeX}},
  Author                   = {Stephen~G. Hartke},
  Journal                  = {The Prac\TeX{} Journal},
  Year                     = {2006},
  Note                     = {Available at:
 \url{http://www.tug.org/pracjourn/2006-1/hartke/}},
  Volume                   = {1}
}

@Manual{scrtime,
  Title                    = {\textsf{scrtime} part of the \textsf{KOMA-Script}
 bundle},
  Author                   = {Markus Kohm},
  Note                     = {Available at:
 \url{http://tug.ctan.org/cgi-bin/ctanPackageInformation.py?id=koma-script}}
}

@Manual{doc,
  Title                    = {The \textsf{doc} and \textsf{shortvrb} packages},
  Author                   = {Frank Mittelbach},
  Note                     = {Available at:
 \url{http://tug.ctan.org/cgi-bin/ctanPackageInformation.py?id=doc}}
}

@Manual{docstrip,
  Title                    = {The \textsf{DocScrip} package},
  Author                   = {Frank Mittelbach},
  Note                     = {Available at:
 \url{http://tug.ctan.org/cgi-bin/ctanPackageInformation.py?id=docstrip}}
}

@Manual{varioref,
  Title                    = {The \textsf{varioref} package},
  Author                   = {Frank Mittelbach},
  Note                     = {Available at:
 \url{http://tug.ctan.org/cgi-bin/ctanPackageInformation.py?id=varioref}}
}

@Book{Mittelbach:2004:LC,
  Title                    = {The {\LaTeX} Companion},
  Author                   = {Frank Mittelbach and Michel Goossens and Johannes
 Braams and David Carlisle and Chris Rowley and
 Christine Detig and Joachim Schrod},
  Publisher                = {Ad{\-d}i{\-s}on-Wes{\-l}ey},
  Year                     = {2004},

  Address                  = {Reading, MA, USA},
  Edition                  = {Second},
  Series                   = {Tools and Techniques for Computer Typesetting},

  Acknowledgement          = {#ack-nhfb#},
  Bibdate                  = {Thu May 20 13:23:24 2004},
  ISBN                     = {0-201-36299-6},
  Isbn-13                  = {978-0-201-36299-2},
  Lccn                     = {Z253.4.L38 G66 2004},
  Pages                    = {xxvii + 1090},
  Price                    = {US\$59.99, CAN\$86.99},
  Remark                   = {Authors listed as: Frank Mittelbach and Michel
 Goossens with Johannes Braams, David Carlisle, and
 Chris Rowley, and with contributions by Christine
 Detig and Joachim Schrod.}
}

@Manual{listings,
  Title                    = {The \textsf{listings} package},
  Author                   = {Brooks Moses},
  Note                     = {Available at:
 \url{http://tug.ctan.org/cgi-bin/ctanPackageInformation.py?id=listings}}
}

@Manual{nomencl,
  Title                    = {The \textsf{nomencl} package},
  Author                   = {Lee Netherton and C.~V. Radhakrishnan},
  Note                     = {Available at:
 \url{http://tug.ctan.org/cgi-bin/ctanPackageInformation.py?id=nomencl}}
}

@Manual{shortintro,
  Title                    = {A (Not So) Short Introduction to {\LaTeXe}.},
  Author                   = {Tobias Oetiker},
  Note                     = {Available at:
 \url{http://tug.ctan.org/cgi-bin/ctanPackageInformation.py?id=lshort-english}}
}

@Manual{comprehensive,
  Title                    = {The \textsf{comprehensive} package},
  Author                   = {Scott Pakin},
  Note                     = {Available at:
 \url{http://tug.ctan.org/cgi-bin/ctanPackageInformation.py?id=comprehensive}}
}

@Manual{packagetutorial,
  Title                    = {How to package your {\LaTeX} Package},
  Author                   = {Scott Pakin},
  Note                     = {Available at:
 \url{http://tug.ctan.org/cgi-bin/ctanPackageInformation.py?id=dtxtut}},
  Year                     = {2004}
}

@Manual{packagewriters,
  Title                    = {{\LaTeXe} for class and package writers},
  Author                   = {The {\LaTeX}3 Project},
  Note                     = {Available at:
 \url{http://www.ctan.org/tex-archive/macros/latex/doc/}},
  Year                     = {2006}
}

@Manual{mathpazo,
  Title                    = {The \textsf{mathpazo} package},
  Author                   = {Diego Puga},
  Note                     = {Available at:
 \url{http://tug.ctan.org/cgi-bin/ctanPackageInformation.py?id=mathpazo}}
}

@Manual{hyperref,
  Title                    = {The \textsf{hyperref} package},
  Author                   = {Sebastian Rahtz and Heiko Oberdiek},
  Note                     = {Available at:
 \url{http://tug.ctan.org/cgi-bin/ctanPackageInformation.py?id=hyperref}}
}

@Manual{epslatex,
  Title                    = {The \textsf{epslatex} package},
  Author                   = {Keith Reckdahl},
  Note                     = {Available at:
 \url{http://tug.ctan.org/cgi-bin/ctanPackageInformation.py?id=epslatex}}
}

@Article{productivity,
  Title                    = {Productivity with macros and packages},
  Author                   = {Will Robertson},
  Journal                  = {The Prac\TeX{} Journal},
  Year                     = {2006},
  Note                     = {Available at:
 \url{http://www.tug.org/pracjourn/2006-3/robertson/}},
  Volume                   = {3}
}

@Manual{pxfonts,
  Title                    = {The \textsf{pxfonts} package},
  Author                   = {Young Ryu},
  Note                     = {Available at:
 \url{http://tug.ctan.org/cgi-bin/ctanPackageInformation.py?id=pxfonts}}
}

@Manual{paralist,
  Title                    = {The \textsf{paralist} package},
  Author                   = {Bernd Schandl},
  Note                     = {Available at:
 \url{http://tug.ctan.org/cgi-bin/ctanPackageInformation.py?id=paralist}}
}

@Manual{microtype,
  Title                    = {The \textsf{microtype} package},
  Author                   = {Robert Schlicht},
  Note                     = {Available at:
 \url{http://tug.ctan.org/cgi-bin/ctanPackageInformation.py?id=microtype}}
}

@Manual{amsfonts,
  Title                    = {The \textsf{amsfonts} package},
  Author                   = {The American Mathematical Society},
  Note                     = {Available at:
 \url{http://tug.ctan.org/cgi-bin/ctanPackageInformation.py?id=amsfonts}}
}

@Manual{amsmath,
  Title                    = {The \textsf{amsmath} package},
  Author                   = {The American Mathematical Society},
  Note                     = {Available at:
 \url{http://tug.ctan.org/cgi-bin/ctanPackageInformation.py?id=amsmath}}
}

@Manual{setspace,
  Title                    = {The \textsf{setspace} package},
  Author                   = {Geoffrey Tobin},
  Note                     = {Available at:
 \url{http://tug.ctan.org/cgi-bin/ctanPackageInformation.py?id=setspace}}
}

@Manual{geometry,
  Title                    = {The \textsf{geometry} package},
  Author                   = {Hideo Umeki},
  Note                     = {Available at:
 \url{http://tug.ctan.org/cgi-bin/ctanPackageInformation.py?id=geometry}}
}

@Book{virgil,
  Title                    = {The Aenid},
  Author                   = {Virgil},
  Publisher                = {Project Gutenberg},
  Year                     = {1995},
  Note                     = {From Project Gutenberg at
 \url{http://www.gutenberg.org/etext/227}}
}

@Manual{voss-mathmode,
  Title                    = {The \textsf{voss-mathmode} package},
  Author                   = {Herbert Vo{\ss}},
  Note                     = {Available at:
 \url{http://tug.ctan.org/cgi-bin/ctanPackageInformation.py?id=voss-mathmode}}
}

@Article{memoirArticle,
  Title                    = {The \textsf{memoir} class},
  Author                   = {Peter Wilson},
  Journal                  = {The Prac\TeX{} Journal},
  Year                     = {2006},
  Note                     = {Available at:
 \url{http://www.tug.org/pracjourn/2006-3/wilson/}},
  Volume                   = {3}
}

@Book{memoir,
  Title                    = {The Memoir Class for Configurable Typesetting User
 Guide},
  Author                   = {Peter Wilson},
  Publisher                = {The Herries Press},
  Year                     = {2004},
  Edition                  = {Sixth},
  Month                    = {January},
  Note                     = {Available at:
 \url{http://tug.ctan.org/cgi-bin/ctanPackageInformation.py?id=memoir}}
}

@Electronic{lorum,
  Title                    = {Lorum Ipsum},
  Url                      = {http://www.lipsum.com/},

  Owner                    = {scot},
  Timestamp                = {2014.07.10}
}

@book{turabian,
  author = {Kate L. Turabian},
  editor = {Wayne C. Booth and Gregory G. Colomb and Joseph M. Williams and Joseph Bizup and William T. FitzGerald},
  publisher = {The University of Chicago Press},
  title = {A Manual for Writers of Research Papers, Theses, and Dissertations},
  edition = {9th},
  year = {2018}
}